<record><leader>00000cas a22000007a 4500</leader><controlfield tag="001">19747729</controlfield><controlfield tag="008">890522d19201920nduwr ne      0    0ger d</controlfield><datafield ind1=" " ind2=" " tag="010"><subfield code="a">sn 89074972 </subfield></datafield><datafield ind1=" " ind2=" " tag="040"><subfield code="a">NOP</subfield><subfield code="b">eng</subfield><subfield code="c">NOP</subfield><subfield code="d">OCLCQ</subfield></datafield><datafield ind1=" " ind2=" " tag="042"><subfield code="a">msc</subfield></datafield><datafield ind1="0" ind2="0" tag="245"><subfield code="a">Emmons County freie Presse.</subfield></datafield><datafield ind1=" " ind2=" " tag="260"><subfield code="a">Linton, Emmons County, Nord Dakota :</subfield><subfield code="b">Emmons County Farmers Press</subfield></datafield><datafield ind1=" " ind2=" " tag="300"><subfield code="a">v. :</subfield><subfield code="b">ill. ;</subfield><subfield code="c">54 cm.</subfield></datafield><datafield ind1=" " ind2=" " tag="310"><subfield code="a">Weekly</subfield></datafield><datafield ind1="0" ind2=" " tag="362"><subfield code="a">Vol. 1, nr. 1 (4. Juni, 1920)-</subfield></datafield><datafield ind1="1" ind2=" " tag="362"><subfield code="a">Ceased 9. Juni, 1920?</subfield></datafield><datafield ind1=" " ind2=" " tag="530"><subfield code="a">Available on microfilm from the State Historical Society of North Dakota.</subfield></datafield><datafield ind1=" " ind2=" " tag="546"><subfield code="a">In German.</subfield></datafield><datafield ind1=" " ind2=" " tag="580"><subfield code="a">Issued in Emmons County free press; continued by its German Department.</subfield></datafield><datafield ind1=" " ind2=" " tag="752"><subfield code="a">United States</subfield><subfield code="b">North Dakota</subfield><subfield code="c">Emmons</subfield><subfield code="d">Linton.</subfield></datafield><datafield ind1="0" ind2=" " tag="777"><subfield code="t">Emmons County free press (Linton, N.D. : 1915)</subfield><subfield code="w">(DLC)sn 89074125</subfield></datafield></record>